@book{humphreys2017visual,
  title={Visual object processing: A cognitive neuropsychological approach},
  author={Humphreys, Glyn W and Riddoch, M Jane},
  year={2017},
  publisher={Routledge}
}

@article{feldman2003visual,
  title={What is a visual object?},
  author={Feldman, Jacob},
  journal={Trends in Cognitive Sciences},
  volume={7},
  number={6},
  pages={252--256},
  year={2003},
  publisher={Elsevier}
}

@article{samet1984quadtree,
  title={The quadtree and related hierarchical data structures},
  author={Samet, Hanan},
  journal={ACM Computing Surveys (CSUR)},
  volume={16},
  number={2},
  pages={187--260},
  year={1984},
  publisher={ACM}
}

@inproceedings{beckmann1990r,
  title={The R*-tree: an efficient and robust access method for points and rectangles},
  author={Beckmann, Norbert and Kriegel, Hans-Peter and Schneider, Ralf and Seeger, Bernhard},
  booktitle={Acm Sigmod Record},
  volume={19},
  number={2},
  pages={322--331},
  year={1990},
  organization={Acm}
}

@article{palmer1994rethinking,
  title={Rethinking perceptual organization: The role of uniform connectedness},
  author={Palmer, Stephen and Rock, Irvin},
  journal={Psychonomic bulletin \& review},
  volume={1},
  number={1},
  pages={29--55},
  year={1994},
  publisher={Springer}
}

@article{palmeri2004visual,
  title={Visual object understanding},
  author={Palmeri, Thomas J and Gauthier, Isabel},
  journal={Nature Reviews Neuroscience},
  volume={5},
  number={4},
  pages={291},
  year={2004},
  publisher={Nature Publishing Group}
}

@article{pizlo1997curve,
  title={Curve detection in a noisy image},
  author={Pizlo, Zygmunt and Salach-Golyska, Monika and Rosenfeld, Azriel},
  journal={Vision research},
  volume={37},
  number={9},
  pages={1217--1241},
  year={1997},
  publisher={Elsevier}
}

@article{feldman1997curvilinearity,
  title={Curvilinearity, covariance, and regularity in perceptual groups},
  author={Feldman, Jacob},
  journal={Vision Research},
  volume={37},
  number={20},
  pages={2835--2848},
  year={1997},
  publisher={Elsevier}
}



@inproceedings{rajkumar2012dynamic,
  title={Dynamic web page segmentation based on detecting reappearance and layout of tag patterns for small screen devices},
  author={Rajkumar, K and Kalaivani, V},
  booktitle={2012 International Conference on Recent Trends in Information Technology},
  pages={508--513},
  year={2012},
  organization={IEEE}
}

@inproceedings{vineel2009web,
  title={Web page DOM node characterization and its application to page segmentation},
  author={Vineel, Gujjar},
  booktitle={2009 IEEE International Conference on Internet Multimedia Services Architecture and Applications (IMSAA)},
  pages={1--6},
  year={2009},
  organization={IEEE}
}

@article{kang2010repetition,
  title={Repetition-based web page segmentation by detecting tag patterns for small-screen devices},
  author={Kang, Jinbeom and Yang, Jaeyoung and Choi, Joongmin},
  journal={IEEE Transactions on Consumer Electronics},
  volume={56},
  number={2},
  pages={980--986},
  year={2010},
  publisher={IEEE}
}

@inproceedings{kohlschutter2008densitometric,
  title={A densitometric approach to web page segmentation},
  author={Kohlsch{\"u}tter, Christian and Nejdl, Wolfgang},
  booktitle={Proceedings of the 17th ACM conference on Information and knowledge management},
  pages={1173--1182},
  year={2008},
  organization={ACM}
}

@inproceedings{sun2011dom,
  title={Dom based content extraction via text density},
  author={Sun, Fei and Song, Dandan and Liao, Lejian},
  booktitle={Proceedings of the 34th international ACM SIGIR conference on Research and development in Information Retrieval},
  pages={245--254},
  year={2011},
  organization={ACM}
}

@inproceedings{kolcz2007site,
  title={Site-independent template-block detection},
  author={Ko{\l}cz, Aleksander and Yih, Wen-tau},
  booktitle={European Conference on Principles of Data Mining and Knowledge Discovery},
  pages={152--163},
  year={2007},
  organization={Springer}
}


@article{cai2003vips,
  title={Vips: a vision-based page segmentation algorithm},
  author={Cai, Deng and Yu, Shipeng and Wen, Ji-Rong and Ma, Wei-Ying},
  year={2003}
}

@article{campus2011web,
  title={Web page segmentation: A review},
  author={Campus, Northern Cyprus},
  journal={2011},
  year={2011}
}

@online{tool-and-data,
	author = {Anonymized},
	year = {2020}
}

@inproceedings{choudhary2010cross,
  title={A cross-browser web application testing tool},
  author={Choudhary, Shauvik Roy and Versee, Husayn and Orso, Alessandro},
  booktitle={2010 IEEE international conference on software maintenance},
  pages={1--6},
  year={2010},
  organization={IEEE}
}

@article{saar2016browserbite,
  title={Browserbite: cross-browser testing via image processing},
  author={Saar, T{\~o}nis and Dumas, Marlon and Kaljuve, Marti and Semenenko, Nataliia},
  journal={Software: Practice and Experience},
  volume={46},
  number={11},
  pages={1459--1477},
  year={2016},
  publisher={Wiley Online Library}
}

@inproceedings{mahajan2018automated,
  title={Automated repair of mobile friendly problems in web pages},
  author={Mahajan, Sonai and Abolhassani, Negarsadat and McMinn, Phil and Halfond, William GJ},
  booktitle={Proceedings of the 40th International Conference on Software Engineering},
  pages={140--150},
  year={2018},
  organization={ACM}
}

@inproceedings{mahajan2018automated_intl,
  title={Automated Repair of Internationalization Presentation Failures in Web Pages Using Style Similarity Clustering and Search-Based Techniques},
  author={Mahajan, Sonal and Alameer, Abdulmajeed and McMinn, Phil and Halfond, William GJ},
  booktitle={2018 IEEE 11th International Conference on Software Testing, Verification and Validation (ICST)},
  pages={215--226},
  year={2018},
  organization={IEEE}
}

@mastersthesis{huse2008using,
  title={Is using images to test web pages the solution to a Sisyphean task?},
  author={Huse, Tarjei},
  year={2008}
}

@article{geng2015combating,
  title={Combating phishing attacks via brand identity and authorization features},
  author={Geng, Guang-Gang and Lee, Xiao-Dong and Zhang, Yan-Ming},
  journal={Security and Communication Networks},
  volume={8},
  number={6},
  pages={888--898},
  year={2015},
  publisher={Wiley Online Library}
}

@book{klein2010industrial,
  title={Industrial color physics},
  author={Klein, Georg A and Meyrath, Todd},
  volume={154},
  year={2010},
  publisher={Springer}
}

@inproceedings{ester1996density,
  title={A density-based algorithm for discovering clusters in large spatial databases with noise.},
  author={Ester, Martin and Kriegel, Hans-Peter and Sander, J{\"o}rg and Xu, Xiaowei and others},
  booktitle={Kdd},
  volume={96},
  number={34},
  pages={226--231},
  year={1996}
}

@article{lopes2009automatic,
  title={Automatic histogram threshold using fuzzy measures},
  author={Lopes, Nuno Vieira and do Couto, Pedro A Mogadouro and Bustince, Humberto and Melo-Pinto, Pedro},
  journal={IEEE Transactions on Image Processing},
  volume={19},
  number={1},
  pages={199--204},
  year={2009},
  publisher={IEEE}
}

@article{uzun2014effective,
  title={An effective and efficient Web content extractor for optimizing the crawling process},
  author={Uzun, Erdin{\c{c}} and Serdar G{\"u}ner, Edip and K{\i}l{\i}{\c{c}}aslan, Y{\i}lmaz and Yerlikaya, Tar{\i}k and Agun, Hayri Volkan},
  journal={Software: Practice and Experience},
  volume={44},
  number={10},
  pages={1181--1199},
  year={2014},
  publisher={Wiley Online Library}
}

@article{bharati2013higwget,
  title={HIGWGET-A Model for Crawling Secure Hidden WebPages},
  author={Bharati, KF and Premchand, P and Govardhan, A},
  journal={International Journal of Data Mining \& Knowledge Management Process},
  volume={3},
  number={2},
  pages={23},
  year={2013},
  publisher={Academy \& Industry Research Collaboration Center (AIRCC)}
}

@inproceedings{choudhary2012crosscheck,
  title={Crosscheck: Combining crawling and differencing to better detect cross-browser incompatibilities in web applications},
  author={Choudhary, Shauvik Roy and Prasad, Mukul R and Orso, Alessandro},
  booktitle={Software Testing, Verification and Validation (ICST), 2012 IEEE Fifth International Conference on},
  pages={171--180},
  year={2012},
  organization={IEEE}
}

@inproceedings{burg2015explaining,
  title={Explaining visual changes in web interfaces},
  author={Burg, Brian and Ko, Andrew J and Ernst, Michael D},
  booktitle={Proceedings of the 28th Annual ACM Symposium on User Interface Software \& Technology},
  pages={259--268},
  year={2015},
  organization={ACM}
}

@inproceedings{canvas_icst2018,
  author = {Bajammal, Mohammad and Mesbah, Ali},
  title = {Web Canvas Testing through Visual Inference},
  booktitle = {Proceedings of the International Conference on Software Testing, Verification and Validation (ICST)},
  publisher = {IEEE Computer Society},
  pages = {12 pages},
  year = {2018}
}

@inproceedings{2018-Stocco-FSE,
  author = {Stocco, Andrea and Yandrapally, Rahulkrishna and Mesbah, Ali},
  title = {Visual Web Test Repair},
  booktitle = {Proceedings of the joint meeting of the European Software Engineering Conference and the ACM SIGSOFT Symposium on the Foundations of Software Engineering (ESEC/FSE)},
  publisher = {ACM},
  pages = {12 pages},
  year = {2018},
}

@article{uzun2013hybrid,
  title={A hybrid approach for extracting informative content from web pages},
  author={Uzun, Erdin{\c{c}} and Agun, Hayri Volkan and Yerlikaya, Tar{\i}K},
  journal={Information Processing \& Management},
  volume={49},
  number={4},
  pages={928--944},
  year={2013},
  publisher={Elsevier}
}

@article{sleiman2013survey,
  title={A Survey on Region Extractors from Web Documents},
  author={Sleiman, Hassan A and Corchuelo, Rafael},
  journal={IEEE Transactions on Knowledge and Data Engineering},
  volume={25},
  number={9},
  pages={1960--1981},
  year={2013},
  publisher={IEEE}
}


@inproceedings{sanoja2015web_survey,
  title={Web page segmentation evaluation},
  author={Sanoja, Andr{\'e}s and Gan{\c{c}}arski, St{\'e}phane},
  booktitle={Proceedings of the 30th Annual ACM Symposium on Applied Computing},
  pages={753--760},
  year={2015}
}

@book{toth2017handbook,
  title={Handbook of discrete and computational geometry},
  author={Toth, Csaba D and O'Rourke, Joseph and Goodman, Jacob E},
  year={2017},
  publisher={Chapman and Hall/CRC}
}
